@article{DBLP:journals/corr/abs-1904-05342,
  author    = {Kexin Huang and
               Jaan Altosaar and
               Rajesh Ranganath},
  title     = {ClinicalBERT: Modeling Clinical Notes and Predicting Hospital Readmission},
  journal   = {CoRR},
  volume    = {abs/1904.05342},
  year      = {2019},
  url       = {http://arxiv.org/abs/1904.05342},
  archivePrefix = {arXiv},
  eprint    = {1904.05342},
  timestamp = {Thu, 25 Apr 2019 13:55:01 +0200},
  biburl    = {https://dblp.org/rec/journals/corr/abs-1904-05342.bib},
  bibsource = {dblp computer science bibliography, https://dblp.org}
}


@article{DBLP:journals/corr/abs-1810-04805,
  author    = {Jacob Devlin and
               Ming{-}Wei Chang and
               Kenton Lee and
               Kristina Toutanova},
  title     = {{BERT:} Pre-training of Deep Bidirectional Transformers for Language
               Understanding},
  journal   = {CoRR},
  volume    = {abs/1810.04805},
  year      = {2018},
  url       = {http://arxiv.org/abs/1810.04805},
  archivePrefix = {arXiv},
  eprint    = {1810.04805},
  timestamp = {Tue, 30 Oct 2018 20:39:56 +0100},
  biburl    = {https://dblp.org/rec/journals/corr/abs-1810-04805.bib},
  bibsource = {dblp computer science bibliography, https://dblp.org}
